<?xml version="1.0" encoding="UTF-8"?><collection xmlns="http://www.loc.gov/MARC21/slim"><record><leader>00680nam--2200205-i-4500</leader><controlfield tag="001">000045272</controlfield><controlfield tag="002">20161230</controlfield><controlfield tag="005">20161230201045</controlfield><controlfield tag="008">060222s1000------------r-----000-0-eng-d</controlfield><datafield ind1=" " ind2=" " tag="020"><subfield code="a">3540126635</subfield></datafield><datafield ind1=" " ind2=" " tag="040"><subfield code="a">IFIN-HH</subfield></datafield><datafield ind1=" " ind2=" " tag="080"><subfield code="a">538.2(061.3)</subfield></datafield><datafield ind1="1" ind2=" " tag="100"><subfield code="a">Yonezawa, G</subfield></datafield><datafield ind1="1" ind2="0" tag="245"><subfield code="a">Topological disorder in condensed matter</subfield><subfield code="b">Proceedings of the fifth taniguchi international symposium, shimoda, japan, november 2-5, 1982</subfield><subfield code="c">G. yonezawa, t. ninomiya (eds.)</subfield></datafield><datafield ind1=" " ind2=" " tag="260"><subfield code="a">Berlin</subfield><subfield code="b">Springer-verlag</subfield><subfield code="c">1982</subfield></datafield><datafield ind1=" " ind2=" " tag="300"><subfield code="a">XII + 253P</subfield></datafield><datafield ind1=" " ind2=" " tag="490"><subfield code="a">Springer Series In Solid-state Sciences</subfield><subfield code="v">Vol. 46</subfield></datafield><datafield ind1="1" ind2=" " tag="700"><subfield code="a">Ninomiya, T</subfield><subfield code="e">Ed</subfield></datafield><datafield ind1=" " ind2=" " tag="852"><subfield code="a">46526</subfield><subfield code="c">539.2</subfield></datafield><datafield ind1=" " ind2=" " tag="CAT"><subfield code="a">Sys</subfield><subfield code="c">20121029</subfield><subfield code="h">162533</subfield></datafield></record></collection>